<record><leader>00000cas a2200000 a 4500</leader><controlfield tag="001">12247957</controlfield><controlfield tag="008">850710d18911893ksuwr ne      0    0eng d</controlfield><datafield ind1=" " ind2=" " tag="010"><subfield code="a">sn 85031442 </subfield></datafield><datafield ind1=" " ind2=" " tag="040"><subfield code="a">KSH</subfield><subfield code="b">eng</subfield><subfield code="c">KSH</subfield><subfield code="d">NPT</subfield><subfield code="d">OCL</subfield><subfield code="d">OCLCQ</subfield></datafield><datafield ind1=" " ind2=" " tag="042"><subfield code="a">msc</subfield></datafield><datafield ind1="0" ind2="4" tag="245"><subfield code="a">The Havana press.</subfield></datafield><datafield ind1="1" ind2="3" tag="246"><subfield code="a">Havana torch</subfield><subfield code="f">Jan. 13-June 16, 1893</subfield></datafield><datafield ind1=" " ind2=" " tag="260"><subfield code="a">Havana, Kan. :</subfield><subfield code="b">R.B. Knock,</subfield><subfield code="c">-1893.</subfield></datafield><datafield ind1=" " ind2=" " tag="300"><subfield code="a">v. :</subfield><subfield code="b">ill. ;</subfield><subfield code="c">49 cm.</subfield></datafield><datafield ind1=" " ind2=" " tag="310"><subfield code="a">Weekly</subfield></datafield><datafield ind1="0" ind2=" " tag="362"><subfield code="a">-v. 3, no. 39 (June 16, 1893).</subfield></datafield><datafield ind1="1" ind2=" " tag="362"><subfield code="a">Began in June 1891.</subfield></datafield><datafield ind1=" " ind2=" " tag="500"><subfield code="a">Published by: Miss Denton U. Stone, Jan. 6, 1893; Jasper Jay Stone, Jan. 13-June 16, 1893.</subfield></datafield><datafield ind1=" " ind2=" " tag="515"><subfield code="a">Vol. 3, no. 2 (June 16, 1893) is misnumbered v. 3, no. 39.</subfield></datafield><datafield ind1=" " ind2=" " tag="588"><subfield code="a">Description based on: Vol. 1, no. 2 (June 19, 1891).</subfield></datafield><datafield ind1=" " ind2=" " tag="752"><subfield code="a">United States</subfield><subfield code="b">Kansas</subfield><subfield code="c">Montgomery</subfield><subfield code="d">Havana.</subfield></datafield></record>